@book{梅加强2013流形与几何初步,
  title={流形与几何初步},
  author={梅加强},
  year={2013},
  publisher={科学出版社}
}